@misc{web:lstm,
  author       = {Jakob Aungiers},
  howpublished = {Web},
  title        = {LSTM Neural Network for Time Series Prediction},
  year         = {2016}
}

@misc{web:lstmFramework,
  author       = {Jakob Aungiers},
  howpublished = {Web},
  title        = {Time Series Prediction Using LSTM Deep Neural Networks},
  year         = {2018}
}